@book{povh,
    title = {{Teilchen und Kerne : Eine Einführung in die physikalischen Konzepte}},
    series = {Springer-Lehrbuch, SpringerLink : Bücher},
    author = {Povh, Bogdan},
    editor = {Klaus Rith and Christoph Scholz and Frank Zetsche and Werner Rodejohann},
    address = {Berlin, Heidelberg},
    publisher = {Springer Spektrum},
    year = {2014},
    edition = {9. Aufl. 2014},
    isbn = {978-364-23782-2-5},
    size = {Online-Ressource (XII, 467 S. 160 Abb, online resource)},
    keywords = {Elementarteilchenphysik / Lehrbuch ; Kernphysik / Lehrbuch ; Nuclear physics / Physics},
    URL = {http://swbplus.bsz-bw.de/bsz39819646xcov.htmhttps://doi.org/10.1007/978-3-642-37822-5}
}

@phdthesis{faltermann,
    author       = {Faltermann, Nils},
    year         = {2018},
    title        = {Single Top Quark Production at 13 TeV with the CMS Experiment: from Rediscovery to Search for Rare Channels and Determination of Higgs Boson Couplings},
    doi          = {10.5445/IR/1000085709},
    publisher    = {{Karlsruhe}},
    pagetotal    = {298},
    school       = {Karlsruher Institut für Technologie (KIT)},
    language     = {english}
}

@article{RevModPhys.71.S96,
  title = {The standard model of particle physics},
  author = {Gaillard, Mary K. and Grannis, Paul D. and Sciulli, Frank J.},
  journal = {Rev. Mod. Phys.},
  volume = {71},
  issue = {2},
  pages = {S96--S111},
  numpages = {0},
  year = {1999},
  month = {Mar},
  publisher = {American Physical Society},
  doi = {10.1103/RevModPhys.71.S96},
  url = {https://link.aps.org/doi/10.1103/RevModPhys.71.S96}
}

@misc{wiki:standardmodel,
   author = "{Wikipedia contributors}",
   title = "Standard Model --- {W}ikipedia{,} The Free Encyclopedia",
   year = "2018",
   url = "https://en.wikipedia.org/w/index.php?title=Standard_Model&oldid=861946503",
   note = "[Online; accessed 03-October-2018]"
 }
 
@article{1603.02555,
   Author = {CMS Collaboration},
   Title = {Search for s channel single top quark production in pp collisions at sqrt(s) = 7 and 8 TeV},
   Year = {2016},
   Eprint = {arXiv:1603.02555},
   Howpublished = {JHEP 09 (2016) 027},
   Doi = {10.1007/JHEP09(2016)027},
}

@masterthesis{schenkel,
  author       = {Schenkel, Fabian},
  title        = {Search for s-channel Single Top Quark Production at a Center-of-Mass Energy of 13 TeV with the CMS Experiment},
  school       = {Karlsruhe Institute of Technology},
  type         = {MS},
  reportid     = {EKP-2017-00049},
  year         = {2017},
  note         = {Karlsruhe Institute of Technology, Masterarbeit, 2017},
  keywords     = {Unveröffentlichte Hochschulschrift (GND)},
  cin          = {CMS},
  cid          = {I:(DE-IEKP)CMS-20121204},
  typ          = {PUB:(DE-HGF)19},
  url          = {https://ekp-invenio.physik.uni-karlsruhe.de/record/48922},
}

@masterthesis{welsch,
  author       = {Welsch, Max},
  title        = {Trennung von Signal und Untergrund mit TensorFlow in einer Suche nach ttH-Produktion am CMS-Experiment},
  school       = {Karlsruher Institut für Technologie (KIT)},
  type         = {BA},
  reportid     = {EKP-2017-00022},
  year         = {2017},
  note         = {Karlsruher Institut für Technologie (KIT), Bachelorarbeit, 2017},
  keywords     = {Unveröffentlichte Hochschulschrift (GND)},
  cin          = {CMS},
  cid          = {I:(DE-IEKP)CMS-20121204},
  typ          = {PUB:(DE-HGF)2},
  url          = {https://ekp-invenio.physik.uni-karlsruhe.de/record/48895},
}