@article{ATLAS_higgs_1207,
      author         = "Aad, Georges and others",
      title          = {Observation of a new particle in the search for the
                        Standard Model Higgs boson with the ATLAS detector at the
                        LHC},
      collaboration  = "ATLAS Collaboration",
      journal        = "Physics Letters B",
      volume         = "716",
      pages          = "1-29",
      doi            = "10.1016/j.physletb.2012.08.020",
      year           = "2012",
      eprint         = "1207.7214",
      archivePrefix  = "arXiv",
      primaryClass   = "hep-ex",
      reportNumber   = "CERN-PH-EP-2012-218",
      SLACcitation   = "%%CITATION = ARXIV:1207.7214;%%",
}

@article{CMS_higgs_1207,
      author         = "Chatrchyan, Serguei and others",
      title          = "{Observation of a new boson at a mass of 125 GeV with the
                        CMS experiment at the LHC}",
      collaboration  = "CMS Collaboration",
      journal        = "Physics Letters B",
      volume         = "716",
      pages          = "30-61",
      doi            = "10.1016/j.physletb.2012.08.021",
      year           = "2012",
      eprint         = "1207.7235",
      archivePrefix  = "arXiv",
      primaryClass   = "hep-ex",
      reportNumber   = "CMS-HIG-12-028, CERN-PH-EP-2012-220",
      SLACcitation   = "%%CITATION = ARXIV:1207.7235;%%",
}

@article{tau2000,
      author         = "Kodama, K. and others",
      title          = "{Observation of tau neutrino interactions}",
      collaboration  = "DONUT",
      journal        = "{Physics Letters B}",
      volume         = "504",
      year           = "2001",
      pages          = "218-224",
      doi            = "10.1016/S0370-2693(01)00307-0",
      eprint         = "hep-ex/0012035",
      archivePrefix  = "arXiv",
      primaryClass   = "hep-ex",
      reportNumber   = "FERMILAB-PUB-00-335-E",
      SLACcitation   = "%%CITATION = HEP-EX/0012035;%%"
}

@article{Lande,
      author         = "Hanneke, D. and Hoogerheide, S. Fogwell and Gabrielse,
                        G.",
      title          = "{Cavity Control of a Single-Electron Quantum Cyclotron:
                        Measuring the Electron Magnetic Moment}",
      journal        = "Physical Review A",
      volume         = "83",
      year           = "2011",
      pages          = "052122",
      doi            = "10.1103/PhysRevA.83.052122",
      eprint         = "1009.4831",
      archivePrefix  = "arXiv",
      primaryClass   = "physics.atom-ph",
      SLACcitation   = "%%CITATION = ARXIV:1009.4831;%%"
}

@Misc{standardmodel,
      author        = "{PBS NOVA, Fermilab, Office of Science, United States Department of Energy, Particle Data Group}",
      title         = "{The standard model of elementary particles}",
      year          = {2006-6-27},
      Note           = {\url{https://commons.wikimedia.org/wiki/File:Standard_Model_of_Elementary_Particles.svg}, last accessed on 2018-06-15}
}

@book{QuarksAndLeptons,
      author         = "Halzen, F. and Martin, Alan D.",
      title          = "{Quarks and Leptons: An Introductory Course in Modern
                        Particle Physics}",
      journal        = "New York, Usa: Wiley ( 1984) 396p",
      publisher	 	 = "John Wiley and sons",
      year           = "1984",
      ISBN           = "0471887412, 9780471887416",
      SLACcitation   = "%%CITATION = INSPIRE-205394;%%"
}
@book{PhysicsFromSymmetry,
	title = {Physics from Symmetry},
	series = {Undergraduate Lecture Notes in Physics},
	author = {Schwichtenberg, Jakob},
	address = {Cham},
	publisher = {Springer},
	year = {2018},
	edition = {2nd ed. 2018},
	isbn = {978-3-319-66631-0},
	size = {Online-Ressource (XXI, 287 p. 28 illus., 15 illus. in color, online resource)},
	url = {http://swbplus.bsz-bw.de/bsz496904051cov.htmhttps://doi.org/10.1007/978-3-319-66631-0},
}

@book{Peskin,
      author         = "Peskin, Michael E. and Schroeder, Daniel V.",
      title          = "{An Introduction to quantum field theory}",
      publisher      = "Addison-Wesley",
      address        = "Reading, USA",
      year           = "1995",
      url            = "http://www.slac.stanford.edu/~mpeskin/QFT.html",
      ISBN           = "9780201503975, 0201503972",
      SLACcitation   = "%%CITATION = INSPIRE-407703;%%"
}

@book{Gordon,
title = {Modern elementary particle physics: the fundamental particles and forces?},
author = {Kane, Gordon L.},
publisher = {Addison-Wesley},
year = {1998},
edition = {Updated ed., 4. pr.},
isbn = {0-201-62460-5},
size = {XV, 352 S. : graph. Darst.},
bestand = {Universitätsbibliothek Leipzig <15>;
Karlsruher Institut für Technologie (KIT) - KIT-Bibliothek <90> [Signatur: 88 A 1299(U)];
},
}

@article{pdg,
      author         = "Patrignani, C. and others",
      title          = "{Review of Particle Physics}",
      collaboration  = "Particle Data Group",
      journal        = "Chinese Physics C",
      volume         = "40",
      year           = "2016",
      number         = "10",
      pages          = "100001",
      doi            = "10.1088/1674-1137/40/10/100001",
      SLACcitation   = "%%CITATION = CHPHD,C40,100001;%%"
}

@Article{top_lifetime,
author="Quadt, A.",
title="Top quark physics at hadron colliders",
journal="The European Physical Journal C - Particles and Fields",
year="2006",
month="Dec",
day="01",
volume="48",
number="3",
pages="835--1000",
issn="1434-6052",
doi="10.1140/epjc/s2006-02631-6",
url="https://doi.org/10.1140/epjc/s2006-02631-6"
}

@article{tdiscovery,
      author         = "Abe, F. and others",
      title          = "{Observation of top quark production in $\bar{p}p$
                        collisions}",
      collaboration  = "CDF",
      journal        = "{Physical Review Letters}",
      volume         = "74",
      year           = "1995",
      pages          = "2626-2631",
      doi            = "10.1103/PhysRevLett.74.2626",
      eprint         = "hep-ex/9503002",
      archivePrefix  = "arXiv",
      primaryClass   = "hep-ex",
      reportNumber   = "FERMILAB-PUB-95-022-E, CDF-PUB-TOP-PUBLIC-3040,
                        ANL-HEP-PR-95-44",
      SLACcitation   = "%%CITATION = HEP-EX/9503002;%%"
}

@Misc{lhcguide,
	  Author        = {{CERN - Education, Communications and Outreach Group}},
      title         = "{LHC Guide}",
      month         = "Mar",
      year          = "2017",
      reportNumber  = "CERN-Brochure-2017-002-Eng",
      Note           = {\url{http://cds.cern.ch/record/2255762}, last accessed on 2018-06-21},
}

@Misc{lhcweb,
  Title                    = {{The Large Hadron Collider}},

  Author                   = {{CERN}},
  Note                     = {\url{http://home.cern/topics/large-hadron-collider}, last accessed on 2018-06-07},
  Year                     = {2014},

  Owner                    = {dwalter},
  Timestamp                = {2018-06-07}
}

@Misc{cernacccompl,
      author        = "De Melis, Cinzia",
      title         = "{The CERN accelerator complex. Complexe des
                       accélérateurs du CERN}",
      year          = "2016",
      Note           = {\url{https://cds.cern.ch/record/2197559}, last accessed on 2018-06-07},
}

@Misc{lhclumi2016,
      author        = "{Lujan P.}",
      title         = "{CMS Luminosity - Public Results}",
      year          = "2018",
      Note           = {\url{https://twiki.cern.ch/twiki/bin/view/CMSPublic/LumiPublicResults#2016_proton_proton_13_TeV_collis}, last accessed on 2018-06-28}
}


@Misc{cmsslice,
      Author        = "Davis, Siona Ruth",
      Title         = "{Interactive Slice of the CMS detector}",
      Year          = "2016",
      Note           = {\url{https://cds.cern.ch/record/2205172}, last accessed on 2018-06-08},
}

@techreport{tHq,
author = {{The CMS Collaboration}},
      title         = "{Search for the tH(H$\to \text{b}\bar{\text{b}}$) process
                       in pp collisions at $\sqrt{s}=13\,\mathrm{TeV}$ and study
                       of Higgs boson couplings}",
      institution   = "CERN",
      collaboration = "CMS Collaboration",
      address       = "Geneva",
      number        = "CMS-PAS-HIG-17-016",
      year          = "2018",
      reportNumber  = "CMS-PAS-HIG-17-016",
      url           = "https://cds.cern.ch/record/2621422",
}
@article{CMSDesignReport,
      author         = "Chatrchyan, S. and others",
      title          = "{The CMS Experiment at the CERN LHC}",
      collaboration  = "CMS Collaboration",
      journal        = {Journal of Instrumentation},
      volume         = "3",
      year           = "2008",
      pages          = "S08004",
      doi            = "10.1088/1748-0221/3/08/S08004",
      SLACcitation   = "%%CITATION = JINST,3,S08004;%%"
}


@book{tracker,
      author        = "Karimäki, V and others",
      title         = "{The CMS tracker system project: Technical Design Report}",
      publisher     = "CERN",
      collaboration = "CMS Collaboration",
      address       = "Geneva",
      series        = "Technical Design Report CMS",
      year          = "1997",
      url           = "http://cds.cern.ch/record/368412",
}
@article{trackerPerformance,
      author         = "Chatrchyan, Serguei and others",
      title          = "{Description and performance of track and
                        primary-vertex reconstruction with the CMS
                        tracker}",
      collaboration  = "CMS Collaboration",
      journal           = {Journal of Instrumentation},
      volume          = "9",
      pages           = "P10009",
      doi            = "10.1088/1748-0221/9/10/P10009",
      year           = "2014",
      eprint         = "1405.6569",
      archivePrefix  = "arXiv",
      primaryClass   = "physics.ins-det",
      reportNumber   = "CMS-TRK-11-001, CERN-PH-EP-2014-070",
      SLACcitation   = "%%CITATION = ARXIV:1405.6569;%%",
}

@book{ECAL,
author = {{The CMS Collaboration}},
      title          = "{The CMS electromagnetic calorimeter project: Technical
                       Design Report}",
      collaboration  = "CMS Collaboration",
      year           = "1997",
      address       = "Geneva",
      series        = "Technical Design Report CMS",
      reportNumber   = "CERN-LHCC-97-033, CMS-TDR-4",
      SLACcitation   = "%%CITATION = CERN-LHCC-97-033;%%"
}

@book{HCAL,
author = {{The CMS Collaboration}},
      title          = "{The CMS hadron calorimeter project: Technical
                       Design Report}",
      collaboration  = "CMS Collaboration",
      year           = "1997",
      address       = "Geneva",
      series        = "Technical Design Report CMS",
      reportNumber   = "CERN-LHCC-97-031, CMS-TDR-2",
      SLACcitation   = "%%CITATION = CERN-LHCC-97-031;%%"
}
@book{MuonChamber,
	  author = {{The CMS Collaboration}},
      title          = "{The CMS muon project: Technical
                       Design Report}",
      collaboration  = "CMS Collaboration",
      year           = "1997",
      address       = "Geneva",
      series        = "Technical Design Report CMS",
      reportNumber   = "CERN-LHCC-97-032, CMS-TDR-3",
      SLACcitation   = "%%CITATION = CERN-LHCC-97-032;%%"
}


@article{TriggerDesignRep,
  author={V. Khachatryan and others},
  title={{The CMS trigger system}},
  journal={Journal of Instrumentation},
  volume={12},
  number={01},
  pages={P01020},
  url={http://stacks.iop.org/1748-0221/12/i=01/a=P01020},
  year={2017},
  abstract={}
}

@Inbook{PPscattering,
	author="Bachtis, Michail",
	title="Event Simulation",
	bookTitle="Heavy Neutral Particle Decays to Tau Pairs: Detected with CMS in Proton Collisions at {\backslash}sqrt{\{}s{\}}  = 7TeV",
	year="2014",
	publisher="Springer International Publishing",
	address="Cham",
	pages="47--54",
	abstract="Physics and detector simulation is necessary in high energy physics to model complex physics processes, optimize analysis techniques and understand the performance of the numerous and complex sub-detectors of an apparatus such as CMS.",
	isbn="978-3-319-03257-3",
	doi="10.1007/978-3-319-03257-3_4",
	url="https://doi.org/10.1007/978-3-319-03257-3_4"
}

@article{pdfOld,
      author         = "Dulat, Sayipjamal and others",
      title          = "{New parton distribution functions from a global analysis
                        of quantum chromodynamics}",
      journal        = "Physical Review Journals D",
      volume         = "93",
      year           = "2016",
      number         = "3",
      pages          = "033006",
      doi            = "10.1103/PhysRevD.93.033006",
      eprint         = "1506.07443",
      archivePrefix  = "arXiv",
      primaryClass   = "hep-ph",
      SLACcitation   = "%%CITATION = ARXIV:1506.07443;%%"
}



@article{nnpdf,
      author         = "Ball, Richard D. and others",
      title          = "{Parton distributions from high-precision collider data}",
      collaboration  = "NNPDF",
      journal        = "{The European Physical Journal C}",
      volume         = "77",
      year           = "2017",
      number         = "10",
      pages          = "663",
      doi            = "10.1140/epjc/s10052-017-5199-5",
      eprint         = "1706.00428",
      archivePrefix  = "arXiv",
      primaryClass   = "hep-ph",
      reportNumber   = "CAVENDISH-HEP-17-06, CERN-TH-2017-077, EDINBURGH-2017-08,
                        NIKHEF-2017-006, OUTP-17-04P, TIF-UNIMI-2017-3",
      SLACcitation   = "%%CITATION = ARXIV:1706.00428;%%"
}

@article{DGLAP1,
      author         = "Dokshitzer, Yuri L.",
      title          = "{Calculation of the Structure Functions for Deep
                        Inelastic Scattering and e+ e- Annihilation by
                        Perturbation Theory in Quantum Chromodynamics.}",
      journal        = "Soviet Physics",
      volume         = "46",
      year           = "1977",
      pages          = "641-653",
      note           = "[Zh. Eksp. Teor. Fiz.73,1216(1977)]",
      SLACcitation   = "%%CITATION = SPHJA,46,641;%%"
}

@article{DGLAP2,
      author         = "Gribov, V. N. and Lipatov, L. N.",
      title          = "{Deep inelastic e p scattering in perturbation theory}",
      journal        = "Soviet Journal of Nuclear Physics",
      volume         = "15",
      year           = "1972",
      pages          = "438-450",
      note           = "[Yad. Fiz.15,781(1972)]",
      reportNumber   = "IPTI-381-71",
      SLACcitation   = "%%CITATION = SJNCA,15,438;%%"
}

@article{DGLAP3,
      author         = "Altarelli, Guido and Parisi, G.",
      title          = "{Asymptotic Freedom in Parton Language}",
      journal        = "Nuclear Physics B",
      volume         = "126",
      year           = "1977",
      pages          = "298-318",
      doi            = "10.1016/0550-3213(77)90384-4",
      reportNumber   = "LPTENS-77-6",
      SLACcitation   = "%%CITATION = NUPHA,B126,298;%%"
}

@article{MCmethod,
 ISSN = {01621459},
 URL = {http://www.jstor.org/stable/2280232},
 author = {Nicholas Metropolis and S. Ulam},
 journal = {Journal of the American Statistical Association},
 number = {247},
 pages = {335--341},
 publisher = {[American Statistical Association, Taylor & Francis, Ltd.]},
 title = {The Monte Carlo Method},
 volume = {44},
 year = {1949}
}
@article{MadGraph5,
      author         = "Alwall, Johan and Herquet, Michel and Maltoni, Fabio and
                        Mattelaer, Olivier and Stelzer, Tim",
      title          = "{MadGraph 5 : Going Beyond}",
      journal        = "JHEP",
      volume         = "06",
      year           = "2011",
      pages          = "128",
      doi            = "10.1007/Journal of High Energy Physics06(2011)128",
      eprint         = "1106.0522",
      archivePrefix  = "arXiv",
      primaryClass   = "hep-ph",
      reportNumber   = "FERMILAB-PUB-11-448-T",
      SLACcitation   = "%%CITATION = ARXIV:1106.0522;%%"
}

@article{MadEvent,
      author         = "Maltoni, Fabio and Stelzer, Tim",
      title          = "{MadEvent: Automatic event generation with MadGraph}",
      journal        = "Journal of High Energy Physics",
      volume         = "02",
      year           = "2003",
      pages          = "027",
      doi            = "10.1088/1126-6708/2003/02/027",
      eprint         = "hep-ph/0208156",
      archivePrefix  = "arXiv",
      primaryClass   = "hep-ph",
      SLACcitation   = "%%CITATION = HEP-PH/0208156;%%"
}
@article{MadGraph5_NLO,
      author         = "Alwall, J. and others",
      title          = "{The automated computation of tree-level and
                        next-to-leading order differential cross sections, and
                        their matching to parton shower simulations}",
      journal        = "Journal of High Energy Physics",
      volume         = "07",
      year           = "2014",
      pages          = "079",
      doi            = "10.1007/Journal of High Energy Physics07(2014)079",
      eprint         = "1405.0301",
      archivePrefix  = "arXiv",
      primaryClass   = "hep-ph",
      reportNumber   = "CERN-PH-TH-2014-064, CP3-14-18, LPN14-066, MCNET-14-09,
                        ZU-TH-14-14",
      SLACcitation   = "%%CITATION = ARXIV:1405.0301;%%"
}

@article{Powheg1,
      author         = "Nason, Paolo",
      title          = "{A New method for combining NLO QCD with shower Monte
                        Carlo algorithms}",
      journal        = "Journal of High Energy Physics",
      volume         = "11",
      year           = "2004",
      pages          = "040",
      doi            = "10.1088/1126-6708/2004/11/040",
      eprint         = "hep-ph/0409146",
      archivePrefix  = "arXiv",
      primaryClass   = "hep-ph",
      reportNumber   = "BICOCCA-FT-04-11",
      SLACcitation   = "%%CITATION = HEP-PH/0409146;%%"
}
@article{Powheg2,
      author         = "Frixione, Stefano and Nason, Paolo and Oleari, Carlo",
      title          = "{Matching NLO QCD computations with Parton Shower
                        simulations: the POWHEG method}",
      journal        = "Journal of High Energy Physics",
      volume         = "11",
      year           = "2007",
      pages          = "070",
      doi            = "10.1088/1126-6708/2007/11/070",
      eprint         = "0709.2092",
      archivePrefix  = "arXiv",
      primaryClass   = "hep-ph",
      reportNumber   = "BICOCCA-FT-07-9, GEF-TH-21-2007",
      SLACcitation   = "%%CITATION = ARXIV:0709.2092;%%"
}
@article{Powheg3,
      author         = "Alioli, Simone and Nason, Paolo and Oleari, Carlo and Re,
                        Emanuele",
      title          = "{A general framework for implementing NLO calculations in
                        shower Monte Carlo programs: the POWHEG BOX}",
      journal        = "Journal of High Energy Physics",
      volume         = "06",
      year           = "2010",
      pages          = "043",
      doi            = "10.1007/Journal of High Energy Physics06(2010)043",
      eprint         = "1002.2581",
      archivePrefix  = "arXiv",
      primaryClass   = "hep-ph",
      reportNumber   = "DESY-10-018, SFB-CPP-10-22, IPPP-10-11, DCPT-10-22",
      SLACcitation   = "%%CITATION = ARXIV:1002.2581;%%"
}

@article{Pythia81,
      author         = "Sjostrand, Torbjorn and Mrenna, Stephen and Skands, Peter
                        Z.",
      title          = "{A Brief Introduction to PYTHIA 8.1}",
      journal        = "Comput. Phys. Commun.",
      volume         = "178",
      year           = "2008",
      pages          = "852-867",
      doi            = "10.1016/j.cpc.2008.01.036",
      eprint         = "0710.3820",
      archivePrefix  = "arXiv",
      primaryClass   = "hep-ph",
      reportNumber   = "CERN-LCGAPP-2007-04, LU-TP-07-28,
                        FERMILAB-PUB-07-512-CD-T",
      SLACcitation   = "%%CITATION = ARXIV:0710.3820;%%"
}
@article{Pythia82,
      author         = "Sjöstrand, Torbjörn and others",
      title          = "{An Introduction to PYTHIA 8.2}",
      journal        = "Comput. Phys. Commun.",
      volume         = "191",
      year           = "2015",
      pages          = "159-177",
      doi            = "10.1016/j.cpc.2015.01.024",
      eprint         = "1410.3012",
      archivePrefix  = "arXiv",
      primaryClass   = "hep-ph",
      reportNumber   = "LU-TP-14-36, MCNET-14-22, CERN-PH-TH-2014-190,
                        FERMILAB-PUB-14-316-CD, DESY-14-178, SLAC-PUB-16122",
      SLACcitation   = "%%CITATION = ARXIV:1410.3012;%%"
}

@article{LundString,
title = "Parton fragmentation and string dynamics",
journal = "Physics Reports",
volume = "97",
number = "2",
pages = "31 - 145",
year = "1983",
issn = "0370-1573",
doi = "https://doi.org/10.1016/0370-1573(83)90080-7",
url = "http://www.sciencedirect.com/science/article/pii/0370157383900807",
author = "B. Andersson and G. Gustafson and G. Ingelman and T. Sjöstrand"
}

@article{Geant4,
author = {Agostinelli, Stefano and others},
year = {2003},
month = {07},
pages = {250-303},
title = {G4 - a simulation toolkit},
volume = {506},
booktitle = {Nuclear Instruments and Methods in Physics Research A}
}

@inproceedings{ParticleFlow,
      author         = "Beaudette, Florian",
      title          = "{The CMS Particle Flow Algorithm}",
      booktitle      = "{Proceedings, International Conference on Calorimetry for
                        the High Energy Frontier (CHEF 2013): Paris, France, April
                        22-25, 2013}",
      collaboration  = "CMS Collaboration",
      year           = "2013",
      url            = "https://inspirehep.net/record/1279774/files/arXiv:1401.8155.pdf",
      pages          = "295-304",
      eprint         = "1401.8155",
      archivePrefix  = "arXiv",
      primaryClass   = "hep-ex",
      SLACcitation   = "%%CITATION = ARXIV:1401.8155;%%"
}

@article{ParticleFlow2,
	  author         = {{The CMS Collaboration}},
      title          = "{Particle-Flow Event Reconstruction in CMS and
                        Performance for Jets, Taus, and MET}",
      collaboration  = "CMS",
      year           = "2009",
      reportNumber   = "CMS-PAS-PFT-09-001",
      SLACcitation   = "%%CITATION = CMS-PAS-PFT-09-001;%%"
}

@article{KalmanFilter,
      author         = "Fruhwirth, R.",
      title          = "{Application of Kalman filtering to track and vertex
                        fitting}",
      journal        = "Nuclear Instruments and Methods A",
      volume         = "262",
      year           = "1987",
      pages          = "444-450",
      doi            = "10.1016/0168-9002(87)90887-4",
      reportNumber   = "HEPHY-PUB-87-503",
      SLACcitation   = "%%CITATION = NUIMA,A262,444;%%"
}

@article{ERec,
      title          = "{Electron reconstruction and identification at sqrt(s) =
                        7 TeV}",
      collaboration  = "CMS",
      note			 = "CMS-PAS-EGM-10-004",
      address    	 =	{CERN, Geneva},
      year           = "2010",
      reportNumber   = "CMS-PAS-EGM-10-004",
      SLACcitation   = "%%CITATION = CMS-PAS-EGM-10-004;%%"
}

@article{antikt,
      author         = "Cacciari, Matteo and Salam, Gavin P. and Soyez, Gregory",
      title          = "{The Anti-k(t) jet clustering algorithm}",
      journal        = "{Journal of High Energy Physics}",
      volume         = "04",
      year           = "2008",
      pages          = "063",
      doi            = "10.1088/1126-6708/2008/04/063",
      eprint         = "0802.1189",
      archivePrefix  = "arXiv",
      primaryClass   = "hep-ph",
      reportNumber   = "LPTHE-07-03",
      SLACcitation   = "%%CITATION = ARXIV:0802.1189;%%"
}

@Misc{ICLsafe,
      author        = "{G. Salam }",
      title         = "{Jets}",
      year          = "2008",
      Note           = {\url{https://gsalam.web.cern.ch/gsalam/repository/talks/2008-cteq-mcnet.pdf}, last accessed on 2018-07-15}
}

@Misc{JEC_levels,
      author        = "{V. Sordini}",
      title         = "{JEC levels}",
      year          = "2016",
      Note           = {\url{https://twiki.cern.ch/twiki/bin/viewauth/CMS/IntroToJEC}, last accessed on 2018-07-16}
}
@article{JEC,
  author={{The CMS collaboration}},
  title={Determination of jet energy calibration and transverse momentum resolution in CMS},
  journal={Journal of Instrumentation},
  volume={6},
  number={11},
  pages={P11002},
  url={http://stacks.iop.org/1748-0221/6/i=11/a=P11002},
  year={2011},
  abstract={}
}

@Techreport{Chwalek,
      author       = "Chwalek, Thorsten",
      title        = {{Measurement of the $W$-Boson Helicity-Fractions in Top-Quark Decays with the CDF II Experiment and Prospects for an Early $t\bar{t}$ Cross-Section Measurement with the CMS Experiment}},
      type         = "Karlsruhe Institute of Technology,",
      number       = "CERN-THESIS-2010-255",
      year         = "2010"
}

@book{Bishop,
title = {Pattern recognition and machine learning},
series = {Information science and statistics},
author = {Bishop, Christopher M.},
address = {New York},
publisher = {Springer},
year = {2006},
isbn = {0-387-31073-8; 978-0-387-31073-2},
size = {XX, 738 S. : Ill., graph. Darst.},
keywords = { ; Pattern recognition / Artificial intelligence / Machine learning ; Mustererkennung ; Maschinelles Lernen},
URL = {http://swbplus.bsz-bw.de/bsz250316129cov.htm ; http://swbplus.bsz-bw.de/bsz250316129vor.htm ; http://swbplus.bsz-bw.de/bsz250316129kap.htm ; http://swbplus.bsz-bw.de/bsz250316129inh.htm},
}

@book{DeepLearningBook,
    title={Deep Learning},
    author={Ian Goodfellow and Yoshua Bengio and Aaron Courville},
    publisher={MIT Press},
    note={\url{http://www.deeplearningbook.org}, last accessed on 2018-07-26},
    year={2016}
}

@article{Roseblatt,
  author={Rosenblatt, Frank},
  title={Determination of jet energy calibration and transverse momentum resolution in CMS},
  journal={Cornell Aeronautical Laboratory report},
  volume={85-460-1},
  publisher={Cornell Aeronautical Laboratory },
  address={Buffalo, NY},
  year={1957},
  abstract={}
}

@article{ADAM,
  author    = {Diederik P. Kingma and
               Jimmy Ba},
  title     = {Adam: {A} Method for Stochastic Optimization},
  journal   = {Computing Research Repository},
  volume    = {abs/1412.6980},
  year      = {2014},
  url       = {http://arxiv.org/abs/1412.6980},
  archivePrefix = {arXiv},
  eprint    = {1412.6980},
  timestamp = {Wed, 07 Jun 2017 14:40:52 +0200},
  biburl    = {https://dblp.org/rec/bib/journals/corr/KingmaB14},
  bibsource = {dblp computer science bibliography, https://dblp.org}
}


@PhdThesis{VanishingGradientProblem,
author = {Hochreiter, Sepp},
type = {Diplomarbeit im Fach Informatik},
school={Technische Universität München},
year = {1991},
month = {April},
pages = {},
title = {Untersuchungen zu dynamischen neuronalen Netzen}
}
@article{relu,
  author    = {Prajit Ramachandran and
               Barret Zoph and
               Quoc V. Le},
  title     = {Searching for Activation Functions},
  journal   = {Computing Research Repository},
  volume    = {abs/1710.05941},
  year      = {2017},
  url       = {http://arxiv.org/abs/1710.05941},
  archivePrefix = {arXiv},
  eprint    = {1710.05941},
  timestamp = {Wed, 01 Nov 2017 19:05:42 +0100},
  biburl    = {https://dblp.org/rec/bib/journals/corr/abs-1710-05941},
  bibsource = {dblp computer science bibliography, https://dblp.org}
}

@Inbook{EarlyStopping,
author="Prechelt, Lutz",
editor="Montavon, Gr{\'e}goire
and Orr, Genevi{\`e}ve B.
and M{\"u}ller, Klaus-Robert",
title="Early Stopping --- But When?",
bookTitle="Neural Networks: Tricks of the Trade: Second Edition",
year="2012",
publisher="Springer",
address="Berlin, Heidelberg",
pages="53--67",
doi="10.1007/978-3-642-35289-8_5",
url="https://doi.org/10.1007/978-3-642-35289-8_5"
}


@article{dropout,
  author    = {Geoffrey E. Hinton and others},
  title     = {Improving neural networks by preventing co-adaptation of feature detectors},
  journal   = {Computing Research Repository},
  volume    = {abs/1207.0580},
  year      = {2012},
  url       = {http://arxiv.org/abs/1207.0580},
  archivePrefix = {arXiv},
  eprint    = {1207.0580},
  timestamp = {Wed, 07 Jun 2017 14:40:12 +0200},
  biburl    = {https://dblp.org/rec/bib/journals/corr/abs-1207-0580},
  bibsource = {dblp computer science bibliography, https://dblp.org}
}

@article{BatchNormalization,
  author    = {Sergey Ioffe and
               Christian Szegedy},
  title     = {Batch Normalization: Accelerating Deep Network Training by Reducing
               Internal Covariate Shift},
  journal   = {Computing Research Repository},
  volume    = {abs/1502.03167},
  year      = {2015},
  url       = {http://arxiv.org/abs/1502.03167},
  archivePrefix = {arXiv},
  eprint    = {1502.03167},
  timestamp = {Wed, 07 Jun 2017 14:40:49 +0200},
  biburl    = {https://dblp.org/rec/bib/journals/corr/IoffeS15},
  bibsource = {dblp computer science bibliography, https://dblp.org}
}


@article{ADDA,
  author    = {Eric Tzeng and others},
  title     = {Adversarial Discriminative Domain Adaptation},
  journal   = {Computing Research Repository},
  volume    = {abs/1702.05464},
  year      = {2017},
  url       = {http://arxiv.org/abs/1702.05464},
  archivePrefix = {arXiv},
  eprint    = {1702.05464},
  timestamp = {Wed, 07 Jun 2017 14:43:06 +0200},
  biburl    = {https://dblp.org/rec/bib/journals/corr/TzengHSD17},
  bibsource = {dblp computer science bibliography, https://dblp.org}
}

@ARTICLE{TCA,
author={S. J. Pan and others},
journal={IEEE Transactions on Neural Networks},
title={Domain Adaptation via Transfer Component Analysis},
year={2011},
volume={22},
number={2},
pages={199-210},
doi={10.1109/TNN.2010.2091281},
ISSN={1045-9227},
month={Feb},}

@article{Reweighting,
    author = {Hidetoshi Shimodaira},
    journal={Journal of Statistical Planning and Inference},
    volume = {90},
    pages = {227-244},
    title = { Improving predictive inference under covariate shift by weighting the log-likelihood function},
    year = {2000}
}

@article{MME,
  title = {Integrating Structured Biological data by Kernel Maximum Mean Discrepancy},
  author = {Borgwardt, KM. and others},
  journal = {Bioinformatics},
  volume = {22},
  number = {4: ISMB 2006 Conference Proceedings},
  pages = {e49-e57},
  organization = {Max-Planck-Gesellschaft},
  school = {Biologische Kybernetik},
  month = aug,
  year = {2006},
  month_numeric = {8}
}

@article{DDE,
  author    = {Eric Tzeng and
               others},
  title     = {Deep Domain Confusion: Maximizing for Domain Invariance},
  journal   = {Computing Research Repository},
  volume    = {abs/1412.3474},
  year      = {2014},
  url       = {http://arxiv.org/abs/1412.3474},
  archivePrefix = {arXiv},
  eprint    = {1412.3474},
  timestamp = {Thu, 25 Jan 2018 15:04:28 +0100},
  biburl    = {https://dblp.org/rec/bib/journals/corr/TzengHZSD14},
  bibsource = {dblp computer science bibliography, https://dblp.org}
}



@article{DA_Adversarial,
  author  = {Yaroslav Ganin and others},
  title   = {Domain-Adversarial Training of Neural Networks},
  journal = {Journal of Machine Learning Research},
  year    = {2016},
  volume  = {17},
  number  = {59},
  pages   = {1-35},
  url     = {http://jmlr.org/papers/v17/15-239.html}
}

@ARTICLE{DA_Backprop,
   author = {{Ganin}, Y. and {Lempitsky}, V.},
    title = "{Unsupervised Domain Adaptation by Backpropagation}",
  journal = {Journal of Machine Learning Research},
archivePrefix = "arXiv",
   eprint = {1409.7495},
 primaryClass = "stat.ML",
 keywords = {Statistics - Machine Learning, Computer Science - Learning, Computer Science - Neural and Evolutionary Computing},
     year = 2014,
    month = sep,
   adsurl = {http://adsabs.harvard.edu/abs/2014arXiv1409.7495G},
  adsnote = {Provided by the SAO/NASA Astrophysics Data System}
}

@ARTICLE{Goodfellow,
   author = {{Goodfellow}, I.~J. and others},
    title = "{Generative Adversarial Networks}",
  journal = {ArXiv e-prints},
archivePrefix = "arXiv",
   eprint = {1406.2661},
   note = {\url{https://arxiv.org/abs/1406.2661}, last accessed on 2018-08-01},
 primaryClass = "stat.ML",
 keywords = {Statistics - Machine Learning, Computer Science - Learning},
     year = 2014,
    month = jun,
   adsurl = {http://adsabs.harvard.edu/abs/2014arXiv1406.2661G},
  adsnote = {Provided by the SAO/NASA Astrophysics Data System}
}

@article{HeavyFlavorIdentification,
      author         = {Sirunyan, A. M. and others},
      title          = "{Identification of heavy-flavour jets with the CMS
                        detector in pp collisions at 13 TeV}",
      collaboration  = "CMS Collaboration",
      journal        = {Journal of Instrumentation},
      volume         = "13",
      year           = "2018",
      number         = "05",
      pages          = "P05011",
      doi            = "10.1088/1748-0221/13/05/P05011",
      eprint         = "1712.07158",
      archivePrefix  = "arXiv",
      primaryClass   = "physics.ins-det",
      reportNumber   = "CMS-BTV-16-002, CERN-EP-2017-326",
      SLACcitation   = "%%CITATION = ARXIV:1712.07158;%%"
}

@article{JetClassificationDNN,
  title = {Jet flavor classification in high-energy physics with deep neural networks},
  author = {Guest, Daniel and others},
  journal = {Physical Review D},
  volume = {94},
  issue = {11},
  pages = {112002},
  numpages = {12},
  year = {2016},
  month = {Dec},
  publisher = {American Physical Society},
  doi = {10.1103/PhysRevD.94.112002},
  url = {https://link.aps.org/doi/10.1103/PhysRevD.94.112002}
}


@article{IVF,
      author         = "Khachatryan, Vardan and others",
      title          = "{Measurement of $B\bar{B}$ Angular Correlations based on
                        Secondary Vertex Reconstruction at $\sqrt{s}=7$ TeV}",
      collaboration  = "CMS Collaboration",
      journal        = "{Journal of High Energy Physics}",
      volume         = "03",
      year           = "2011",
      pages          = "136",
      doi            = "10.1007/JHEP03(2011)136",
      eprint         = "1102.3194",
      archivePrefix  = "arXiv",
      primaryClass   = "hep-ex",
      reportNumber   = "CERN-PH-EP-10-093, CMS-BPH-10-010",
      SLACcitation   = "%%CITATION = ARXIV:1102.3194;%%"
}

@misc{Keras,
  title={Keras},
  author={Chollet, Fran\c{c}ois and others},
  year={2015},
  note={\url{https://keras.io}, last accessed on 2018-07-28},
}

@misc{Tensorflow,
	title={ {TensorFlow}: Large-Scale Machine Learning on Heterogeneous Systems},
	note={\url{https://www.tensorflow.org/}, last accessed on 2018-07-28},
	author={
    Mart\'{\i}n~Abadi and
    others},
  year={2015},
}

@article{LSTM,
author = {Hochreiter, Sepp and Schmidhuber, Jürgen},
year = {1997},
month = "Dec",
pages = {1735-80},
title = {Long Short-term Memory},
volume = {9},
booktitle = {Neural computation}
}

@Misc{MCTruth,
      author        = "{T. Speer}",
      title         = "{Jet Flavour Identification (MC Truth)}",
      year          = "2018",
      Note           = {\url{https://twiki.cern.ch/twiki/bin/view/CMSPublic/SWGuideBTagMCTools}, last accessed on 2018-07-31}
}

@Misc{LSTMunit,
      author        = "{Wikimedia}",
      title         = "{Long Short Term Memory}",
      year          = {2015-10-04},
      Note           = {\url{https://commons.wikimedia.org/wiki/File:Long_Short_Term_Memory.png}, last accessed on 2018-08-01}
}


@article{DeepFlavour,
	  author        = "{The CMS Collaboration}",
      title         = "{CMS Phase 1 heavy flavour identification performance and
                       developments}",
      publisher 	= {CERN},
      collaboration = "CMS",
      month         = "May",
      year          = "2017",
      reportNumber  = "CMS-DP-2017-013",
      url           = "https://cds.cern.ch/record/2263802",
}
@article{ttbarSemilep,
      author         = "Sirunyan, Albert M. and others",
      title          = "{Measurement of the $t \bar t$ production cross section
                        using events with one lepton and at least one jet in pp
                        collisions at $\sqrt{s}$  = 13 TeV}",
      collaboration  = "CMS",
      journal        = "Journal of High Energy Physics",
      volume         = "09",
      year           = "2017",
      pages          = "051",
      doi            = "10.1007/JHEP09(2017)051",
      eprint         = "1701.06228",
      archivePrefix  = "arXiv",
      primaryClass   = "hep-ex",
      reportNumber   = "CMS-TOP-16-006, CERN-EP-2016-321",
      SLACcitation   = "%%CITATION = ARXIV:1701.06228;%%"
}
@article{ttbarDilep,
      author         = "Khachatryan, Vardan and others",
      title          = "{Measurement of the $t\bar{t}$ production cross section
                        using events in the e$\mu$ final state in pp collisions at
                        $\sqrt{s} =$ 13 TeV}",
      collaboration  = "CMS",
      journal        = "Eur. Phys. J.",
      volume         = "C77",
      year           = "2017",
      pages          = "172",
      doi            = "10.1140/epjc/s10052-017-4718-8",
      eprint         = "1611.04040",
      archivePrefix  = "arXiv",
      primaryClass   = "hep-ex",
      reportNumber   = "CMS-TOP-16-005, CERN-EP-2016-265",
      SLACcitation   = "%%CITATION = ARXIV:1611.04040;%%"
}

@article{TopPP,
title = "Top++: A program for the calculation of the top-pair cross-section at hadron colliders",
journal = "Computer Physics Communications",
volume = "185",
number = "11",
pages = "2930 - 2938",
year = "2014",
issn = "0010-4655",
doi = "https://doi.org/10.1016/j.cpc.2014.06.021",
url = "http://www.sciencedirect.com/science/article/pii/S0010465514002264",
author = "Michał Czakon and Alexander Mitov",
keywords = "Top-quark, Resummation, QCD, Precision physics, Hadron colliers"
}

@article{DYCrossSec,
title = "FEWZ 2.0: A code for hadronic Z production at next-to-next-to-leading order",
journal = "Computer Physics Communications",
volume = "182",
number = "11",
pages = "2388 - 2403",
year = "2011",
issn = "0010-4655",
doi = "https://doi.org/10.1016/j.cpc.2011.06.008",
url = "http://www.sciencedirect.com/science/article/pii/S0010465511002189",
author = "Ryan Gavin and Ye Li and Frank Petriello and Seth Quackenbush",
keywords = ", Drell–Yan, NNLO"
}

@article{HatHor1,
      author         = "Kant, P. and others",
      title          = "{HatHor  for single top-quark production: Updated
                        predictions and uncertainty estimates for single top-quark
                        production in hadronic collisions}",
      journal        = "Computer Physics Communications",
      volume         = "191",
      year           = "2015",
      pages          = "74-89",
      doi            = "10.1016/j.cpc.2015.02.001",
      eprint         = "1406.4403",
      archivePrefix  = "arXiv",
      primaryClass   = "hep-ph",
      reportNumber   = "HU-EP-14-22",
      SLACcitation   = "%%CITATION = ARXIV:1406.4403;%%"
}
@article{HatHor2,
      author         = "Aliev, M. and others",
      title          = "{HATHOR: HAdronic Top and Heavy quarks crOss section
                        calculatoR}",
      journal        = "Computer Physics Communications",
      volume         = "182",
      year           = "2011",
      pages          = "1034-1046",
      doi            = "10.1016/j.cpc.2010.12.040",
      eprint         = "1007.1327",
      archivePrefix  = "arXiv",
      primaryClass   = "hep-ph",
      reportNumber   = "DESY-10-091, HU-EP-10-33, SFB-CPP-10-60",
      SLACcitation   = "%%CITATION = ARXIV:1007.1327;%%"
}

@misc{GenXSec,
  title={{GenXSecAnalyzer}},
  author={CMS},
  note={\url{https://github.com/cms-sw/cmssw/blob/master/GeneratorInterface/Core/plugins/GenXSecAnalyzer.cc}, last accessed on 2018-09-06},
}

@Article{BosonPairCrossSec,
author="Campbell, John M.
and Ellis, R. Keith
and Williams, Ciaran",
title="Vector boson pair production at the LHC",
journal="Journal of High Energy Physics",
year="2011",
month="Jul",
day="05",
volume="2011",
number="7",
pages="18",
abstract="We present phenomenological results for vector boson pair production at the LHC, obtained using the parton-level next-to-leading order program MCFM. We include the implementation of a new process in the code, pp{\thinspace}{\textrightarrow}{\thinspace}$\gamma$$\gamma$, and important updates to existing processes. We incorporate fragmentation contributions in order to allow for the experimental isolation of photons in $\gamma$$\gamma$, W$\gamma$, and Z$\gamma$ production and also account for gluon-gluon initial state contributions for all relevant processes. We present results for a variety of phenomenological scenarios, at the current operating energy of                                                                           {\$} {\backslash}sqrt {\{}s{\}} = 7 {\$}                 TeV and for the ultimate machine goal,                                                                           {\$} {\backslash}sqrt {\{}s{\}} = 14 {\$}                 TeV. We investigate the impact of our predictions on several important distributions that enter into searches for new physics at the LHC.",
issn="1029-8479",
doi="10.1007/JHEP07(2011)018",
url="https://doi.org/10.1007/JHEP07(2011)018"
}


@misc{Brilcalc,
  title={Brilview},
  author={CERN},
  note={\url{https://brilview.readthedocs.io/en/stable/}, last accessed on 2018-08-03},
}

